@book{nielsen00,
  author = {Nielsen, Michael A. and Chuang, Isaac L.},
  keywords = {computing information quantum},
  publisher = {Cambridge University Press},
  title = {Quantum Computation and Quantum Information},
  year = 2000
}

@misc{watrous,
  author = {Watrous, John},
  title = {{Introduction to Quantum Computing}},
  howpublished = "\url{https://cs.uwaterloo.ca/~watrous/LectureNotes.html}",
  year = {2006},
  note = "[Último acceso el 28 de Enero de 2016]"
}


@Article{feynman-sim,
  author="Feynman, Richard P.",
  title="Simulating physics with computers",
  journal="International Journal of Theoretical Physics",
  volume="21",
  number="6",
  pages="467--488",
  issn="1572-9575",
  doi="10.1007/BF02650179",
  url="http://dx.doi.org/10.1007/BF02650179"
}

@Article{shor03,
  author="Shor, Peter W.",
  title="Why Haven’t More Quantum Algorithms Been Found?",
  journal="Journal of the ACM",
  volume="50",
  number="1",
  pages="87--90",
  year="2003"
}

@ARTICLE{grover96,
   author = {{Grover}, Lov K.},
    title = "{A fast quantum mechanical algorithm for database search}",
  journal = {Proceedings, STOC},
     year = 1996,
    month = may,
}

@Article{shor97,
  author =       "Peter W. Shor",
  title =        "Polynomial-Time Algorithms for Prime Factorization and
                 Discrete Logarithms on a Quantum Computer",
  journal =      j-SIAM-J-COMPUT,
  volume =       "26",
  number =       "5",
  pages =        "1484--1509",
  month =        oct,
  year =         "1997",
  CODEN =        "SMJCAT",
  DOI =          "http://dx.doi.org/10.1137/S0097539795293172",
  ISSN =         "0097-5397 (print), 1095-7111 (electronic)",
  ISSN-L =       "0097-5397",
  MRclass =      "81P99 (03D10 03D15 68Q05)",
  MRnumber =     "1 471 990",
  bibdate =      "Mon Nov 29 11:03:13 MST 2010",
  bibsource =    "http://epubs.siam.org/sam-bin/dbq/toclist/SICOMP/26/5;
                 http://www.math.utah.edu/pub/tex/bib/siamjcomput.bib",
  URL =          "http://epubs.siam.org/sam-bin/dbq/article/29317",
  acknowledgement = ack-nhfb,
  fjournal =     "SIAM Journal on Computing",
  journal-URL =  "http://epubs.siam.org/sicomp",
}


@ARTICLE{factor,
   author = {{Dattani}, N.~S. and {Bryans}, N.},
    title = "{Quantum factorization of 56153 with only 4 qubits}",
  journal = {ArXiv e-prints},
archivePrefix = "arXiv",
   eprint = {1411.6758},
 primaryClass = "quant-ph",
     year = 2014,
    month = nov,
}
